@Book{ArpaciDusseau14-Book,
  author =       {Remzi H. Arpaci-Dusseau and Andrea C. Arpaci-Dusseau},
  title =        "{Operating Systems: Three Easy Pieces}",
  publisher =    {Arpaci-Dusseau Books},
  month =        "May",
  year =         {2014},
  edition =      {0.80},
}

@Book{Silberschatz:2012:OSC,
 author = {Silberschatz, Avi and Galvin, Peter Baer and Gagne, Greg},
 title = {Operating System Concepts},
 year = {2012},
 isbn = {978-1-118-06333-0},
 edition = {9th},
 publisher = {Wiley Publishing},
} 
